<mx:record xmlns="http://www.w3.org/TR/xhtml1/strict" xmlns:mx="http://www.loc.gov/MARC21/slim" xmlns:xsi="http://www.w3.org/2001/XMLSchema-instance"><mx:leader>00000nz 2200000n 4500</mx:leader><mx:controlfield tag="001">oca02678328 </mx:controlfield><mx:controlfield tag="005">19900201100929.8</mx:controlfield><mx:controlfield tag="008">900201n| acannaab| |n aad ||| </mx:controlfield><mx:datafield ind1=" " ind2=" " tag="010"><mx:subfield code="a">n 90607436 </mx:subfield></mx:datafield><mx:datafield ind1=" " ind2=" " tag="040"><mx:subfield code="a">DLC</mx:subfield><mx:subfield code="c">DLC</mx:subfield><mx:subfield code="d">DLC</mx:subfield></mx:datafield><mx:datafield ind1="0" ind2=" " tag="100"><mx:subfield code="a">Callinicus,</mx:subfield><mx:subfield code="c">Monk of Rufinianae,</mx:subfield><mx:subfield code="d">fl. 447-450.</mx:subfield></mx:datafield><mx:datafield ind1=" " ind2=" " tag="670"><mx:subfield code="a">nuc90-7918: His Vita di Ipazio, 1982</mx:subfield><mx:subfield code="b">(hdg. on CtY-D rept.: Callinicus, monk of Rufinianae, fl. 447-450;
            usage: Callinico)</mx:subfield></mx:datafield><mx:datafield ind1=" " ind2=" " tag="999"><mx:subfield code="a">105.1285</mx:subfield></mx:datafield></mx:record>